@misc{ enwiki:1115352853,
  author = "{Wikipedia contributors}",
  title = "Sensor fusion --- {Wikipedia}{,} The Free Encyclopedia",
  year = "2022",
  howpublished = "\url{https://en.wikipedia.org/w/index.php?title=Sensor_fusion&oldid=1115352853}",
  note = "[Online; accessed 4-November-2022]"
}
@misc{ enwiki:1120224488,
  author = "{Wikipedia contributors}",
  title = "Computing --- {Wikipedia}{,} The Free Encyclopedia",
  year = "2022",
  howpublished = "\url{https://en.wikipedia.org/w/index.php?title=Computing&oldid=1120224488}",
  note = "[Online; accessed 6-November-2022]"
}
@misc{ enwiki:1120271364,
  author = "{Wikipedia contributors}",
  title = "Computer vision --- {Wikipedia}{,} The Free Encyclopedia",
  year = "2022",
  howpublished = "\url{https://en.wikipedia.org/w/index.php?title=Computer_vision&oldid=1120271364}",
  note = "[Online; accessed 6-November-2022]"
}
@misc{ enwiki:1120084976,
  author = "{Wikipedia contributors}",
  title = "Simultaneous localization and mapping --- {Wikipedia}{,} The Free Encyclopedia",
  year = "2022",
  howpublished = "\url{https://en.wikipedia.org/w/index.php?title=Simultaneous_localization_and_mapping&oldid=1120084976}",
  note = "[Online; accessed 6-November-2022]"
}
@misc{ enwiki:1105690241,
  author = "{Wikipedia contributors}",
  title = "IEEE Standards Association --- {Wikipedia}{,} The Free Encyclopedia",
  year = "2022",
  howpublished = "\url{https://en.wikipedia.org/w/index.php?title=IEEE_Standards_Association&oldid=1105690241}",
  note = "[Online; accessed 6-November-2022]"
}
@misc{ distance-estimation-cf2f2fd709d8,
  author       = {Apar Garg},
  howpublished = {\url{https://medium.com/analytics-vidhya/distance-estimation-cf2f2fd709d8}},
  title        = {Stereo Vision: Depth Estimation between object and camera},
  year         = {2021}
}
@misc{ enwiki:1105776890,
  author = "{Wikipedia contributors}",
  title = "Software test documentation --- {Wikipedia}{,} The Free Encyclopedia",
  year = "2022",
  howpublished = "\url{https://en.wikipedia.org/w/index.php?title=Software_test_documentation&oldid=1105776890}",
  note = "[Online; accessed 6-November-2022]"
}
@misc{ enwiki:1117244157,
  author = "{Wikipedia contributors}",
  title = "Software requirements specification --- {Wikipedia}{,} The Free Encyclopedia",
  year = "2022",
  howpublished = "\url{https://en.wikipedia.org/w/index.php?title=Software_requirements_specification&oldid=1117244157}",
  note = "[Online; accessed 6-November-2022]"
}
@misc{ enwiki:1105986397,
  author = "{Wikipedia contributors}",
  title = "Software design description --- {Wikipedia}{,} The Free Encyclopedia",
  year = "2022",
  howpublished = "\url{https://en.wikipedia.org/w/index.php?title=Software_design_description&oldid=1105986397}",
  note = "[Online; accessed 6-November-2022]"
}
@misc{ taxonomy-IJCV.pdf,
  author       = {Daniel Scharstein, Richard Szeliski},
  howpublished = {\url{https://vision.middlebury.edu/stereo/taxonomy-IJCV.pdf}},
  title        = {A Taxonomy and Evaluation of Dense Two-Frame Stereo Correspondence Algorithms},
}
@misc{ ZEDStereoCamera,
  author       = {Open Zeka contributors},
  howpublished = {\url{https://openzeka.com/urun/zed-stereo-camera/}},
  title        = {ZED Stereo Camera},
}
@misc{ XboxKinect,
  author       = {George Birbilis},
  howpublished = {\url{https://zoomicon.wordpress.com/2015/07/28/kinect-for-xbox-360-and-kinect-for-windows-kfw-v1-specs/}},
  title        = {Kinect for Xbox 360 and Kinect for Windows (KfW) v1 specs},
  year         = {2015}
}
@misc{ VelodyneLiDAR,
  author       = {Velodyne contributors},
  howpublished = {\url{https://www.amtechs.co.jp/product/VLP-16-Puck.pdf}},
  title        = {Velodyne LiDAR PUCK},
}
@misc{ JatsonNano,
  author       = {NVIDIA contributors},
  howpublished = {\url{https://developer.nvidia.com/embedded/jetson-nano-developer-kit}},
  title        = {Jetson Nano Developer Kit},
}
@misc{ gstreamer,
  author       = {GStreamer contributors},
  howpublished = {\url{https://gstreamer.freedesktop.org/}},
  title        = {GStreamer open source multimedia framework},
  year         = {2022}
}