@article{pg-image-inpaint-2009,
author = {Chatterjee, Priyam and Mukherjee, Sujata and Chaudhuri, Subhasis and Seetharaman, Guna},
year = {2009},
month = {01},
pages = {80-89},
title = {Application Of Papoulis-Gerchberg Method In Image Super-Resolution and Inpainting},
volume = {52},
journal = {Comput. J.},
doi = {10.1093/comjnl/bxm050}
}

@inproceedings{ozbay2015high,
  title={A high frequency 3D LiDAR with enhanced measurement density via Papoulis-Gerchberg},
  author={{\"O}zbay, Bengisu and Kuzucu, Elvan and G{\"u}l, Mustafa and {\"O}zt{\"u}rk, Dilan and Ta{\c{s}}c{\i}, Muhittin and Ar{\i}soy, A Mansur and {\c{S}}irin, Halil Onur and Uyan{\i}k, {\.I}smail},
  booktitle={2015 International Conference on Advanced Robotics (ICAR)},
  pages={543--548},
  year={2015},
  organization={IEEE}
}