@misc{enwiki:1115352853,
  author       = {{Wikipedia contributors}},
  title        = {Sensor fusion --- {Wikipedia}{,} The Free Encyclopedia},
  year         = {2022},
  howpublished = {\url{https://en.wikipedia.org/w/index.php?title=Sensor_fusion&oldid=1115352853}},
  note         = {[Online; accessed 4-November-2022]}
}
@misc{enwiki:1120224488,
  author       = {{Wikipedia contributors}},
  title        = {Computing --- {Wikipedia}{,} The Free Encyclopedia},
  year         = {2022},
  howpublished = {\url{https://en.wikipedia.org/w/index.php?title=Computing&oldid=1120224488}},
  note         = {[Online; accessed 6-November-2022]}
}
@misc{enwiki:1120271364,
  author       = {{Wikipedia contributors}},
  title        = {Computer vision --- {Wikipedia}{,} The Free Encyclopedia},
  year         = {2022},
  howpublished = {\url{https://en.wikipedia.org/w/index.php?title=Computer_vision&oldid=1120271364}},
  note         = {[Online; accessed 6-November-2022]}
}
@misc{enwiki:1120084976,
  author       = {{Wikipedia contributors}},
  title        = {Simultaneous localization and mapping --- {Wikipedia}{,} The Free Encyclopedia},
  year         = {2022},
  howpublished = {\url{https://en.wikipedia.org/w/index.php?title=Simultaneous_localization_and_mapping&oldid=1120084976}},
  note         = {[Online; accessed 6-November-2022]}
}
@misc{enwiki:1105690241,
  author       = {{Wikipedia contributors}},
  title        = {IEEE Standards Association --- {Wikipedia}{,} The Free Encyclopedia},
  year         = {2022},
  howpublished = {\url{https://en.wikipedia.org/w/index.php?title=IEEE_Standards_Association&oldid=1105690241}},
  note         = {[Online; accessed 6-November-2022]}
}
@misc{distance-estimation-cf2f2fd709d8,
  author       = {Apar Garg},
  howpublished = {\url{https://medium.com/analytics-vidhya/distance-estimation-cf2f2fd709d8}},
  title        = {Stereo Vision: Depth Estimation between object and camera},
  year         = {2021}
}
@misc{enwiki:1105776890,
  author       = {{Wikipedia contributors}},
  title        = {Software test documentation --- {Wikipedia}{,} The Free Encyclopedia},
  year         = {2022},
  howpublished = {\url{https://en.wikipedia.org/w/index.php?title=Software_test_documentation&oldid=1105776890}},
  note         = {[Online; accessed 6-November-2022]}
}
@misc{enwiki:1117244157,
  author       = {{Wikipedia contributors}},
  title        = {Software requirements specification --- {Wikipedia}{,} The Free Encyclopedia},
  year         = {2022},
  howpublished = {\url{https://en.wikipedia.org/w/index.php?title=Software_requirements_specification&oldid=1117244157}},
  note         = {[Online; accessed 6-November-2022]}
}
@misc{enwiki:1105986397,
  author       = {{Wikipedia contributors}},
  title        = {Software design description --- {Wikipedia}{,} The Free Encyclopedia},
  year         = {2022},
  howpublished = {\url{https://en.wikipedia.org/w/index.php?title=Software_design_description&oldid=1105986397}},
  note         = {[Online; accessed 6-November-2022]}
}
@misc{taxonomy-IJCV.pdf,
  author       = {Daniel Scharstein, Richard Szeliski},
  howpublished = {\url{https://vision.middlebury.edu/stereo/taxonomy-IJCV.pdf}},
  title        = {A Taxonomy and Evaluation of Dense Two-Frame Stereo Correspondence Algorithms}
}
@misc{ZEDStereoCamera,
  author       = {Open Zeka contributors},
  howpublished = {\url{https://openzeka.com/urun/zed-stereo-camera/}},
  title        = {ZED Stereo Camera}
}
@misc{XboxKinect,
  author       = {George Birbilis},
  howpublished = {\url{https://zoomicon.wordpress.com/2015/07/28/kinect-for-xbox-360-and-kinect-for-windows-kfw-v1-specs/}},
  title        = {Kinect for Xbox 360 and Kinect for Windows (KfW) v1 specs},
  year         = {2015}
}
@misc{VelodyneLiDAR,
  author       = {Velodyne contributors},
  howpublished = {\url{https://www.amtechs.co.jp/product/VLP-16-Puck.pdf}},
  title        = {Velodyne LiDAR PUCK}
}
@misc{JatsonNano,
  author       = {NVIDIA contributors},
  howpublished = {\url{https://developer.nvidia.com/embedded/jetson-nano-developer-kit}},
  title        = {Jetson Nano Developer Kit}
}
@misc{gstreamer,
  author       = {GStreamer contributors},
  howpublished = {\url{https://gstreamer.freedesktop.org/}},
  title        = {GStreamer open source multimedia framework},
  year         = {2022}
}
@article{The_cost_function_of_the_data_fusion_process_and_i,
  author  = {Ceccherini, Simone and Zoppetti, Nicola and Carli, Bruno and Cortesi, Ugo and Del Bianco, Samuele and Tirelli, Cecilia},
  year    = {2019},
  month   = {05},
  pages   = {2967-2977},
  title   = {The cost function of the data fusion process and its application},
  volume  = {12},
  journal = {Atmospheric Measurement Techniques},
  doi     = {10.5194/amt-12-2967-2019}
}
@inproceedings{ozbay2015high,
  title        = {A high frequency 3D LiDAR with enhanced measurement density via Papoulis-Gerchberg},
  author       = {{\"O}zbay, Bengisu and Kuzucu, Elvan and G{\"u}l, Mustafa and {\"O}zt{\"u}rk, Dilan and Ta{\c{s}}c{\i}, Muhittin and Ar{\i}soy, A Mansur and {\c{S}}irin, Halil Onur and Uyan{\i}k, {\.I}smail},
  booktitle    = {2015 International Conference on Advanced Robotics (ICAR)},
  pages        = {543--548},
  year         = {2015},
  organization = {IEEE}
}
@article{kuzucu2018enhancing,
  title     = {Enhancing 3D range image measurement density via dynamic Papoulis--Gerchberg algorithm},
  author    = {Kuzucu, Elvan and {\"O}zt{\"u}rk, Dilan and G{\"u}l, Mustafa and {\"O}zbay, Bengisu and Arisoy, A Mansur and Sirin, H Onur and Uyanik, Ismail},
  journal   = {Transactions of the Institute of Measurement and Control},
  volume    = {40},
  number    = {16},
  pages     = {4407--4420},
  year      = {2018},
  publisher = {SAGE Publications Sage UK: London, England}
}
@inproceedings{9307398,
  author    = {Cholakkal, Hafeez Husain and Mentasti, Simone and Bersani, Mattia and Arrigoni, Stefano and Matteucci, Matteo and Cheli, Federico},
  booktitle = {2020 AEIT International Conference of Electrical and Electronic Technologies for Automotive (AEIT AUTOMOTIVE)},
  title     = {LiDAR - Stereo Camera Fusion for Accurate Depth Estimation},
  year      = {2020},
  volume    = {},
  number    = {},
  pages     = {1-6},
  doi       = {10.23919/AEITAUTOMOTIVE50086.2020.9307398}
}
@inbook{6280128,
  author    = {Burgard, Wolfram and Brock, Oliver and Stachniss, Cyrill},
  booktitle = {Robotics: Science and Systems III},
  title     = {Dense Mapping for Range Sensors: Efficient Algorithms and Sparse Representations},
  year      = {2008},
  volume    = {},
  number    = {},
  pages     = {129-136},
  doi       = {}
}
@misc{VelodynePerformance,
  author       = {John Ryan Kidd},
  howpublished = {\url{https://core.ac.uk/download/215521303.pdf}},
  title        = {Performance Evaluation of the Velodyne VLP-16 System for Surface Feature Surveying},
  year         = {2017}
}
@misc{DisparityCalculator,
  howpublished = {\url{https://www.researchgate.net/deref/https%3A%2F%2Fsaxionmechatronics.github.io%2FFirebot-DisparityCalculator%2Fdisparity.html}},
  title        = {Disparity Calculator},
}
@misc{https://doi.org/10.48550/arxiv.2010.09076,
  doi       = {10.48550/ARXIV.2010.09076},
  url       = {https://arxiv.org/abs/2010.09076},
  author    = {Sheeny, Marcel and De Pellegrin, Emanuele and Mukherjee, Saptarshi and Ahrabian, Alireza and Wang, Sen and Wallace, Andrew},
  keywords  = {Computer Vision and Pattern Recognition (cs.CV), Robotics (cs.RO), FOS: Computer and information sciences, FOS: Computer and information sciences},
  title     = {RADIATE: A Radar Dataset for Automotive Perception in Bad Weather},
  publisher = {arXiv},
  year      = {2020},
  copyright = {Creative Commons Attribution 4.0 International}
}
@inproceedings{gallup2008variable,
  title={Variable baseline/resolution stereo},
  author={Gallup, David and Frahm, Jan-Michael and Mordohai, Philippos and Pollefeys, Marc},
  booktitle={2008 IEEE conference on computer vision and pattern recognition},
  pages={1--8},
  year={2008},
  organization={IEEE}
}
@article{silva2020edge,
  title={Edge preservation in depth map filtering for stereo vision},
  author={Silva, Rafael F and Silva, Glauco A and Oliveira, Alexandre C},
  journal={IEEE Latin America Transactions},
  volume={18},
  number={1},
  pages={153--160},
  year={2020},
  publisher={IEEE}
}
@article{durrant2006simultaneous,
  title={Simultaneous localization and mapping (SLAM): Part I The essential algorithms},
  author={Durrant-Whyte, Hugh and Durrant-Whyte, John},
  journal={IEEE Robotics \& Automation Magazine},
  volume={13},
  number={2},
  pages={99--110},
  year={2006},
  publisher={IEEE}
}
@article{daniilidis2001sensor,
  title={Sensor Fusion: A Survey},
  author={Daniilidis, Kostas},
  journal={IEEE Transactions on Aerospace and Electronic Systems},
  volume={37},
  number={4},
  pages={1193--1230},
  year={2001},
  publisher={IEEE}
}


